%% This BibTeX bibliography file was created using BibDesk.
%% http://bibdesk.sourceforge.net/


%% Created for Adrian Price-Whelan at 2017-02-14 13:40:39 -0800 


%% Saved with string encoding Unicode (UTF-8) 



@article{Planck-Collaboration:2016,
	Adsnote = {Provided by the SAO/NASA Astrophysics Data System},
	Adsurl = {http://adsabs.harvard.edu/abs/2016A%26A...594A..13P},
	Archiveprefix = {arXiv},
	Author = {{Planck Collaboration} and {Ade}, P.~A.~R. and {Aghanim}, N. and {Arnaud}, M. and {Ashdown}, M. and {Aumont}, J. and {Baccigalupi}, C. and {Banday}, A.~J. and {Barreiro}, R.~B. and {Bartlett}, J.~G. and et al.},
	Date-Added = {2017-02-14 21:38:38 +0000},
	Date-Modified = {2017-02-14 21:38:41 +0000},
	Doi = {10.1051/0004-6361/201525830},
	Eid = {A13},
	Eprint = {1502.01589},
	Journal = {\aap},
	Keywords = {cosmology: observations, cosmology: theory, cosmic background radiation, cosmological parameters},
	Month = sep,
	Pages = {A13},
	Title = {{Planck 2015 results. XIII. Cosmological parameters}},
	Volume = 594,
	Year = 2016,
	Bdsk-Url-1 = {http://dx.doi.org/10.1051/0004-6361/201525830}}

@article{Brodie:2006,
	Adsnote = {Provided by the SAO/NASA Astrophysics Data System},
	Adsurl = {http://adsabs.harvard.edu/abs/2006ARA%26A..44..193B},
	Author = {{Brodie}, J.~P. and {Strader}, J.},
	Date-Added = {2017-01-24 19:45:28 +0000},
	Date-Modified = {2017-01-24 19:45:31 +0000},
	Doi = {10.1146/annurev.astro.44.051905.092441},
	Eprint = {astro-ph/0602601},
	Journal = {\araa},
	Month = sep,
	Pages = {193-267},
	Title = {{Extragalactic Globular Clusters and Galaxy Formation}},
	Volume = 44,
	Year = 2006,
	Bdsk-Url-1 = {http://dx.doi.org/10.1146/annurev.astro.44.051905.092441}}

@article{Forbes:2010,
	Adsnote = {Provided by the SAO/NASA Astrophysics Data System},
	Adsurl = {http://adsabs.harvard.edu/abs/2010MNRAS.404.1203F},
	Archiveprefix = {arXiv},
	Author = {{Forbes}, D.~A. and {Bridges}, T.},
	Date-Added = {2017-01-24 19:02:07 +0000},
	Date-Modified = {2017-01-24 19:02:09 +0000},
	Doi = {10.1111/j.1365-2966.2010.16373.x},
	Eprint = {1001.4289},
	Journal = {\mnras},
	Keywords = {Galaxy: evolution, Galaxy: formation, globular clusters: general, Galaxy: halo},
	Month = may,
	Pages = {1203-1214},
	Title = {{Accreted versus in situ Milky Way globular clusters}},
	Volume = 404,
	Year = 2010,
	Bdsk-Url-1 = {http://dx.doi.org/10.1111/j.1365-2966.2010.16373.x}}

@inproceedings{Santos:2003,
	Adsnote = {Provided by the SAO/NASA Astrophysics Data System},
	Adsurl = {http://adsabs.harvard.edu/abs/2003egcs.conf..348S},
	Author = {{Santos}, M.~R.},
	Booktitle = {Extragalactic Globular Cluster Systems},
	Date-Added = {2017-01-23 19:39:24 +0000},
	Date-Modified = {2017-01-23 19:39:28 +0000},
	Doi = {10.1007/10857603_53},
	Editor = {{Kissler-Patig}, M.},
	Pages = {348},
	Title = {{The High-Redshift Formation of Metal-Poor Globular Cluster Systems}},
	Year = 2003,
	Bdsk-Url-1 = {http://dx.doi.org/10.1007/10857603_53}}

@article{Behroozi:2013,
	Adsnote = {Provided by the SAO/NASA Astrophysics Data System},
	Adsurl = {http://adsabs.harvard.edu/abs/2013ApJ...770...57B},
	Archiveprefix = {arXiv},
	Author = {{Behroozi}, P.~S. and {Wechsler}, R.~H. and {Conroy}, C.},
	Date-Added = {2017-01-17 18:30:19 +0000},
	Date-Modified = {2017-01-17 18:30:23 +0000},
	Doi = {10.1088/0004-637X/770/1/57},
	Eid = {57},
	Eprint = {1207.6105},
	Journal = {\apj},
	Keywords = {dark matter, galaxies: abundances, galaxies: evolution, methods: numerical},
	Month = jun,
	Pages = {57},
	Primaryclass = {astro-ph.CO},
	Title = {{The Average Star Formation Histories of Galaxies in Dark Matter Halos from z = 0-8}},
	Volume = 770,
	Year = 2013,
	Bdsk-Url-1 = {http://dx.doi.org/10.1088/0004-637X/770/1/57}}

@article{Dekel:2006,
	Adsnote = {Provided by the SAO/NASA Astrophysics Data System},
	Adsurl = {http://adsabs.harvard.edu/abs/2006MNRAS.368....2D},
	Author = {{Dekel}, A. and {Birnboim}, Y.},
	Date-Added = {2016-12-05 23:13:12 +0000},
	Date-Modified = {2016-12-05 23:13:15 +0000},
	Doi = {10.1111/j.1365-2966.2006.10145.x},
	Eprint = {astro-ph/0412300},
	Journal = {\mnras},
	Keywords = {shock waves, cooling flows, galaxies: evolution, galaxies: formation, galaxies: haloes, dark matter},
	Month = may,
	Pages = {2-20},
	Title = {{Galaxy bimodality due to cold flows and shock heating}},
	Volume = 368,
	Year = 2006,
	Bdsk-Url-1 = {http://dx.doi.org/10.1111/j.1365-2966.2006.10145.x}}

@article{Diemer:2013,
	Adsnote = {Provided by the SAO/NASA Astrophysics Data System},
	Adsurl = {http://adsabs.harvard.edu/abs/2013ApJ...766...25D},
	Archiveprefix = {arXiv},
	Author = {{Diemer}, B. and {More}, S. and {Kravtsov}, A.~V.},
	Date-Added = {2016-12-05 22:51:23 +0000},
	Date-Modified = {2016-12-05 22:51:26 +0000},
	Doi = {10.1088/0004-637X/766/1/25},
	Eid = {25},
	Eprint = {1207.0816},
	Journal = {\apj},
	Keywords = {cosmology: theory, dark matter, galaxies: halos, methods: numerical},
	Month = mar,
	Pages = {25},
	Primaryclass = {astro-ph.CO},
	Title = {{The Pseudo-evolution of Halo Mass}},
	Volume = 766,
	Year = 2013,
	Bdsk-Url-1 = {http://dx.doi.org/10.1088/0004-637X/766/1/25}}

@article{Cuesta:2008,
	Adsnote = {Provided by the SAO/NASA Astrophysics Data System},
	Adsurl = {http://adsabs.harvard.edu/abs/2008MNRAS.389..385C},
	Archiveprefix = {arXiv},
	Author = {{Cuesta}, A.~J. and {Prada}, F. and {Klypin}, A. and {Moles}, M.},
	Date-Added = {2016-12-05 22:50:26 +0000},
	Date-Modified = {2016-12-05 22:50:28 +0000},
	Doi = {10.1111/j.1365-2966.2008.13590.x},
	Eprint = {0710.5520},
	Journal = {\mnras},
	Keywords = {methods: N-body simulations , galaxies: haloes , cosmology: theory , dark matter , large-scale structure of Universe},
	Month = sep,
	Pages = {385-397},
	Title = {{The virialized mass of dark matter haloes}},
	Volume = 389,
	Year = 2008,
	Bdsk-Url-1 = {http://dx.doi.org/10.1111/j.1365-2966.2008.13590.x}}

@article{Munoz-Cuartas:2011,
	Adsnote = {Provided by the SAO/NASA Astrophysics Data System},
	Adsurl = {http://adsabs.harvard.edu/abs/2011MNRAS.411..584M},
	Archiveprefix = {arXiv},
	Author = {{Mu{\~n}oz-Cuartas}, J.~C. and {Macci{\`o}}, A.~V. and {Gottl{\"o}ber}, S. and {Dutton}, A.~A.},
	Date-Added = {2016-12-05 20:30:13 +0000},
	Date-Modified = {2016-12-05 20:30:16 +0000},
	Doi = {10.1111/j.1365-2966.2010.17704.x},
	Eprint = {1007.0438},
	Journal = {\mnras},
	Keywords = {gravitation, methods: numerical, galaxies: haloes, cosmology: theory, dark matter},
	Month = feb,
	Pages = {584-594},
	Title = {{The redshift evolution of {$\Lambda$} cold dark matter halo parameters: concentration, spin and shape}},
	Volume = 411,
	Year = 2011,
	Bdsk-Url-1 = {http://dx.doi.org/10.1111/j.1365-2966.2010.17704.x}}

@article{Kravtsov:2013,
	Adsnote = {Provided by the SAO/NASA Astrophysics Data System},
	Adsurl = {http://adsabs.harvard.edu/abs/2013ApJ...764L..31K},
	Archiveprefix = {arXiv},
	Author = {{Kravtsov}, A.~V.},
	Date-Added = {2016-12-05 19:28:24 +0000},
	Date-Modified = {2016-12-05 19:28:26 +0000},
	Doi = {10.1088/2041-8205/764/2/L31},
	Eid = {L31},
	Eprint = {1212.2980},
	Journal = {\apjl},
	Keywords = {galaxies: formation, galaxies: halos, galaxies: structure},
	Month = feb,
	Pages = {L31},
	Title = {{The Size-Virial Radius Relation of Galaxies}},
	Volume = 764,
	Year = 2013,
	Bdsk-Url-1 = {http://dx.doi.org/10.1088/2041-8205/764/2/L31}}

@article{Leitner:2012,
	Adsnote = {Provided by the SAO/NASA Astrophysics Data System},
	Adsurl = {http://adsabs.harvard.edu/abs/2012ApJ...745..149L},
	Author = {{Leitner}, S.~N.},
	Date-Added = {2016-12-05 19:21:55 +0000},
	Date-Modified = {2016-12-05 19:21:57 +0000},
	Doi = {10.1088/0004-637X/745/2/149},
	Eid = {149},
	Journal = {\apj},
	Keywords = {galaxies: dwarf, galaxies: evolution, galaxies: formation, galaxies: statistics, galaxies: stellar content, galaxies: structure, Galaxy: formation},
	Month = feb,
	Pages = {149},
	Title = {{On the Last 10 Billion Years of Stellar Mass Growth in Star-forming Galaxies}},
	Volume = 745,
	Year = 2012,
	Bdsk-Url-1 = {http://dx.doi.org/10.1088/0004-637X/745/2/149}}

@article{Krumholz:2012,
	Adsnote = {Provided by the SAO/NASA Astrophysics Data System},
	Adsurl = {http://adsabs.harvard.edu/abs/2012ApJ...753...16K},
	Archiveprefix = {arXiv},
	Author = {{Krumholz}, M.~R. and {Dekel}, A.},
	Date-Added = {2016-12-05 19:20:49 +0000},
	Date-Modified = {2016-12-05 19:20:51 +0000},
	Doi = {10.1088/0004-637X/753/1/16},
	Eid = {16},
	Eprint = {1106.0301},
	Journal = {\apj},
	Keywords = {cosmology: theory, galaxies: formation, galaxies: high-redshift, galaxies: ISM, ISM: molecules, stars: formation},
	Month = jul,
	Pages = {16},
	Title = {{Metallicity-dependent Quenching of Star Formation at High Redshift in Small Galaxies}},
	Volume = 753,
	Year = 2012,
	Bdsk-Url-1 = {http://dx.doi.org/10.1088/0004-637X/753/1/16}}

@book{Binney:2008,
	Adsnote = {Provided by the SAO/NASA Astrophysics Data System},
	Adsurl = {http://adsabs.harvard.edu/abs/2008gady.book.....B},
	Author = {{Binney}, J. and {Tremaine}, S.},
	Booktitle = {Galactic Dynamics: Second Edition, by James Binney and Scott Tremaine.~ISBN 978-0-691-13026-2 (HB).~Published by Princeton University Press, Princeton, NJ USA, 2008.},
	Date-Added = {2016-11-04 16:53:37 +0000},
	Date-Modified = {2016-11-04 16:53:39 +0000},
	Publisher = {Princeton University Press},
	Title = {{Galactic Dynamics: Second Edition}},
	Year = 2008}

@article{Eddington:1916,
	Adsnote = {Provided by the SAO/NASA Astrophysics Data System},
	Adsurl = {http://adsabs.harvard.edu/abs/1916MNRAS..76..572E},
	Author = {{Eddington}, A.~S.},
	Date-Added = {2016-11-04 16:51:43 +0000},
	Date-Modified = {2016-11-04 16:51:45 +0000},
	Doi = {10.1093/mnras/76.7.572},
	Journal = {\mnras},
	Month = may,
	Pages = {572-585},
	Title = {{The distribution of stars in globular clusters}},
	Volume = 76,
	Year = 1916,
	Bdsk-Url-1 = {http://dx.doi.org/10.1093/mnras/76.7.572}}

@article{Helmi:1999,
	Adsnote = {Provided by the SAO/NASA Astrophysics Data System},
	Adsurl = {http://adsabs.harvard.edu/abs/1999MNRAS.307..495H},
	Author = {{Helmi}, A. and {White}, S.~D.~M.},
	Date-Added = {2016-11-02 18:09:39 +0000},
	Date-Modified = {2016-11-02 18:09:43 +0000},
	Doi = {10.1046/j.1365-8711.1999.02616.x},
	Eprint = {arXiv:astro-ph/9901102},
	Journal = {\mnras},
	Month = aug,
	Pages = {495-517},
	Title = {{Building up the stellar halo of the Galaxy}},
	Volume = 307,
	Year = 1999,
	Bdsk-Url-1 = {http://dx.doi.org/10.1046/j.1365-8711.1999.02616.x}}

@article{Johnston:1999,
	Adsnote = {Provided by the SAO/NASA Astrophysics Data System},
	Adsurl = {http://adsabs.harvard.edu/abs/1999ApJ...512L.109J},
	Author = {{Johnston}, K.~V. and {Zhao}, H. and {Spergel}, D.~N. and {Hernquist}, L.},
	Date-Added = {2016-11-02 18:08:02 +0000},
	Date-Modified = {2016-11-02 18:09:16 +0000},
	Doi = {10.1086/311876},
	Eprint = {arXiv:astro-ph/9807243},
	Journal = {\apjl},
	Keywords = {GALAXY: FUNDAMENTAL PARAMETERS, GALAXY: HALO, GALAXY: KINEMATICS AND DYNAMICS, GALAXY: STRUCTURE},
	Month = feb,
	Pages = {L109-L112},
	Title = {{Tidal Streams as Probes of the Galactic Potential}},
	Volume = 512,
	Year = 1999,
	Bdsk-Url-1 = {http://dx.doi.org/10.1086/311876}}

@article{Fardal:2015,
	Adsnote = {Provided by the SAO/NASA Astrophysics Data System},
	Adsurl = {http://adsabs.harvard.edu/abs/2015MNRAS.452..301F},
	Archiveprefix = {arXiv},
	Author = {{Fardal}, M.~A. and {Huang}, S. and {Weinberg}, M.~D.},
	Date-Added = {2016-11-02 18:07:33 +0000},
	Date-Modified = {2016-11-02 18:07:43 +0000},
	Doi = {10.1093/mnras/stv1198},
	Eprint = {1410.1861},
	Journal = {\mnras},
	Keywords = {galaxies: haloes, galaxies: interactions, galaxies: kinematics and dynamics, galaxies: star clusters: general},
	Month = sep,
	Pages = {301-319},
	Title = {{Generation of mock tidal streams}},
	Volume = 452,
	Year = 2015,
	Bdsk-Url-1 = {http://dx.doi.org/10.1093/mnras/stv1198}}

@article{Bonaca:2014,
	Adsnote = {Provided by the SAO/NASA Astrophysics Data System},
	Adsurl = {http://adsabs.harvard.edu/abs/2014ApJ...795...94B},
	Archiveprefix = {arXiv},
	Author = {{Bonaca}, A. and {Geha}, M. and {K{\"u}pper}, A.~H.~W. and {Diemand}, J. and {Johnston}, K.~V. and {Hogg}, D.~W.},
	Date-Added = {2016-11-02 18:06:03 +0000},
	Date-Modified = {2016-11-02 18:07:43 +0000},
	Doi = {10.1088/0004-637X/795/1/94},
	Eid = {94},
	Eprint = {1406.6063},
	Journal = {\apj},
	Keywords = {dark matter, Galaxy: halo, Galaxy: structure},
	Month = nov,
	Pages = {94},
	Title = {{Milky Way Mass and Potential Recovery Using Tidal Streams in a Realistic Halo}},
	Volume = 795,
	Year = 2014,
	Bdsk-Url-1 = {http://dx.doi.org/10.1088/0004-637X/795/1/94}}

@article{Kupper:2012,
	Adsnote = {Provided by the SAO/NASA Astrophysics Data System},
	Adsurl = {http://adsabs.harvard.edu/abs/2012MNRAS.420.2700K},
	Archiveprefix = {arXiv},
	Author = {{K{\"u}pper}, A.~H.~W. and {Lane}, R.~R. and {Heggie}, D.~C.},
	Date-Added = {2016-11-02 18:05:44 +0000},
	Date-Modified = {2016-11-02 18:07:43 +0000},
	Doi = {10.1111/j.1365-2966.2011.20242.x},
	Eprint = {1111.5013},
	Journal = {\mnras},
	Keywords = {methods: numerical, globular clusters: general, Galaxy: kinematics and dynamics, galaxies: star clusters: general},
	Month = mar,
	Pages = {2700-2714},
	Title = {{More on the structure of tidal tails}},
	Volume = 420,
	Year = 2012,
	Bdsk-Url-1 = {http://dx.doi.org/10.1111/j.1365-2966.2011.20242.x}}

@article{Bovy:2014,
	Adsnote = {Provided by the SAO/NASA Astrophysics Data System},
	Adsurl = {http://adsabs.harvard.edu/abs/2014ApJ...795...95B},
	Archiveprefix = {arXiv},
	Author = {{Bovy}, J.},
	Date-Added = {2016-11-02 18:01:09 +0000},
	Date-Modified = {2016-11-02 18:07:43 +0000},
	Doi = {10.1088/0004-637X/795/1/95},
	Eid = {95},
	Eprint = {1401.2985},
	Journal = {\apj},
	Keywords = {dark matter, galaxies: interactions, Galaxy: halo, Galaxy: kinematics and dynamics, Galaxy: structure},
	Month = nov,
	Pages = {95},
	Title = {{Dynamical Modeling of Tidal Streams}},
	Volume = 795,
	Year = 2014,
	Bdsk-Url-1 = {http://dx.doi.org/10.1088/0004-637X/795/1/95}}

@article{Gnedin:2014,
	Adsnote = {Provided by the SAO/NASA Astrophysics Data System},
	Adsurl = {http://adsabs.harvard.edu/abs/2014ApJ...785...71G},
	Archiveprefix = {arXiv},
	Author = {{Gnedin}, O.~Y. and {Ostriker}, J.~P. and {Tremaine}, S.},
	Date-Added = {2016-11-01 19:59:32 +0000},
	Date-Modified = {2016-11-02 18:07:43 +0000},
	Doi = {10.1088/0004-637X/785/1/71},
	Eid = {71},
	Eprint = {1308.0021},
	Journal = {\apj},
	Keywords = {galaxies: evolution, galaxies: formation, galaxies: nuclei, galaxies: star clusters: general, globular clusters: general},
	Month = apr,
	Pages = {71},
	Title = {{Co-evolution of Galactic Nuclei and Globular Cluster Systems}},
	Volume = 785,
	Year = 2014,
	Bdsk-Url-1 = {http://dx.doi.org/10.1088/0004-637X/785/1/71}}

@article{Navarro:1996,
	Adsnote = {Provided by the SAO/NASA Astrophysics Data System},
	Adsurl = {http://adsabs.harvard.edu/abs/1996ApJ...462..563N},
	Author = {{Navarro}, J.~F. and {Frenk}, C.~S. and {White}, S.~D.~M.},
	Date-Added = {2016-11-01 19:39:58 +0000},
	Date-Modified = {2016-11-02 18:07:43 +0000},
	Doi = {10.1086/177173},
	Eprint = {arXiv:astro-ph/9508025},
	Journal = {\apj},
	Keywords = {COSMOLOGY: THEORY, COSMOLOGY: DARK MATTER, GALAXIES: HALOS, METHODS: NUMERICAL},
	Month = may,
	Pages = {563},
	Title = {{The Structure of Cold Dark Matter Halos}},
	Volume = 462,
	Year = 1996,
	Bdsk-Url-1 = {http://dx.doi.org/10.1086/177173}}

@article{Hernquist:1990,
	Adsnote = {Provided by the SAO/NASA Astrophysics Data System},
	Adsurl = {http://adsabs.harvard.edu/abs/1990ApJ...356..359H},
	Author = {{Hernquist}, L.},
	Date-Added = {2016-11-01 19:39:44 +0000},
	Date-Modified = {2016-11-02 18:07:43 +0000},
	Doi = {10.1086/168845},
	Journal = {\apj},
	Keywords = {Computational Astrophysics, Elliptical Galaxies, Galactic Bulge, Galactic Structure, Astronomical Models, Astronomical Photometry, Brightness Distribution, Distribution Functions},
	Month = jun,
	Pages = {359-364},
	Title = {{An analytical model for spherical galaxies and bulges}},
	Volume = 356,
	Year = 1990,
	Bdsk-Url-1 = {http://dx.doi.org/10.1086/168845}}

@article{Miyamoto:1975,
	Adsnote = {Provided by the SAO/NASA Astrophysics Data System},
	Adsurl = {http://adsabs.harvard.edu/abs/1975PASJ...27..533M},
	Author = {{Miyamoto}, M. and {Nagai}, R.},
	Date-Added = {2016-11-01 19:39:35 +0000},
	Date-Modified = {2016-11-02 18:07:43 +0000},
	Journal = {\pasj},
	Keywords = {Astronomical Models, Density Distribution, Galactic Structure, Mass Distribution, Potential Theory, Three Dimensional Models, Functions (Mathematics), Globular Clusters, Gravitational Effects, Mathematical Models, Milky Way Galaxy},
	Pages = {533-543},
	Title = {{Three-dimensional models for the distribution of mass in galaxies}},
	Volume = 27,
	Year = 1975}

@article{Bovy:2015,
	Adsnote = {Provided by the SAO/NASA Astrophysics Data System},
	Adsurl = {http://adsabs.harvard.edu/abs/2015ApJS..216...29B},
	Archiveprefix = {arXiv},
	Author = {{Bovy}, J.},
	Date-Added = {2016-11-01 19:37:24 +0000},
	Date-Modified = {2016-11-02 18:07:43 +0000},
	Doi = {10.1088/0067-0049/216/2/29},
	Eid = {29},
	Eprint = {1412.3451},
	Journal = {\apjs},
	Keywords = {galaxies: general, galaxies: kinematics and dynamics, Galaxy: fundamental parameters},
	Month = feb,
	Pages = {29},
	Title = {{galpy: A python Library for Galactic Dynamics}},
	Volume = 216,
	Year = 2015,
	Bdsk-Url-1 = {http://dx.doi.org/10.1088/0067-0049/216/2/29}}

@article{Koposov:2010,
	Adsnote = {Provided by the SAO/NASA Astrophysics Data System},
	Adsurl = {http://adsabs.harvard.edu/abs/2010ApJ...712..260K},
	Archiveprefix = {arXiv},
	Author = {{Koposov}, S.~E. and {Rix}, H.-W. and {Hogg}, D.~W.},
	Date-Added = {2016-11-01 19:26:22 +0000},
	Date-Modified = {2016-11-02 18:07:43 +0000},
	Doi = {10.1088/0004-637X/712/1/260},
	Eprint = {0907.1085},
	Journal = {\apj},
	Keywords = {Galaxy: fundamental parameters, Galaxy: halo, Galaxy: kinematics and dynamics, methods: statistical, stars: kinematics and dynamics, surveys},
	Month = mar,
	Pages = {260-273},
	Primaryclass = {astro-ph.GA},
	Title = {{Constraining the Milky Way Potential with a Six-Dimensional Phase-Space Map of the GD-1 Stellar Stream}},
	Volume = 712,
	Year = 2010,
	Bdsk-Url-1 = {http://dx.doi.org/10.1088/0004-637X/712/1/260}}

@article{Gibbons:2014,
	Adsnote = {Provided by the SAO/NASA Astrophysics Data System},
	Adsurl = {http://adsabs.harvard.edu/abs/2014MNRAS.445.3788G},
	Archiveprefix = {arXiv},
	Author = {{Gibbons}, S.~L.~J. and {Belokurov}, V. and {Evans}, N.~W.},
	Date-Added = {2016-11-01 19:26:06 +0000},
	Date-Modified = {2016-11-02 18:07:43 +0000},
	Doi = {10.1093/mnras/stu1986},
	Eprint = {1406.2243},
	Journal = {\mnras},
	Keywords = {Galaxy: fundamental parameters, Galaxy: halo, Galaxy: kinematics and dynamics, galaxies: dwarf},
	Month = dec,
	Pages = {3788-3802},
	Title = {{`Skinny Milky Way please', says Sagittarius}},
	Volume = 445,
	Year = 2014,
	Bdsk-Url-1 = {http://dx.doi.org/10.1093/mnras/stu1986}}

@article{Deason:2012,
	Adsnote = {Provided by the SAO/NASA Astrophysics Data System},
	Adsurl = {http://adsabs.harvard.edu/abs/2012MNRAS.424L..44D},
	Archiveprefix = {arXiv},
	Author = {{Deason}, A.~J. and {Belokurov}, V. and {Evans}, N.~W. and {An}, J.},
	Date-Added = {2016-11-01 19:25:45 +0000},
	Date-Modified = {2016-11-02 18:07:43 +0000},
	Doi = {10.1111/j.1745-3933.2012.01283.x},
	Eprint = {1204.5189},
	Journal = {\mnras},
	Keywords = {stars, Galaxy: halo, Galaxy: kinematics and dynamics, dark matter},
	Month = jul,
	Pages = {L44-L48},
	Primaryclass = {astro-ph.GA},
	Title = {{Broken degeneracies: the rotation curve and velocity anisotropy of the Milky Way halo}},
	Volume = 424,
	Year = 2012,
	Bdsk-Url-1 = {http://dx.doi.org/10.1111/j.1745-3933.2012.01283.x}}

@article{Deason:2012a,
	Adsnote = {Provided by the SAO/NASA Astrophysics Data System},
	Adsurl = {http://adsabs.harvard.edu/abs/2012MNRAS.425.2840D},
	Archiveprefix = {arXiv},
	Author = {{Deason}, A.~J. and {Belokurov}, V. and {Evans}, N.~W. and {Koposov}, S.~E. and {Cooke}, R.~J. and {Pe{\~n}arrubia}, J. and {Laporte}, C.~F.~P. and {Fellhauer}, M. and {Walker}, M.~G. and {Olszewski}, E.~W.},
	Date-Added = {2016-11-01 19:25:45 +0000},
	Date-Modified = {2016-11-02 18:07:43 +0000},
	Doi = {10.1111/j.1365-2966.2012.21639.x},
	Eprint = {1205.6203},
	Journal = {\mnras},
	Keywords = {blue stragglers, stars: carbon, stars: horizontal branch, Galaxy: halo, Galaxy: fundamental parameters, Galaxy: kinematics and dynamics},
	Month = oct,
	Pages = {2840-2853},
	Primaryclass = {astro-ph.GA},
	Title = {{The cold veil of the Milky Way stellar halo}},
	Volume = 425,
	Year = 2012,
	Bdsk-Url-1 = {http://dx.doi.org/10.1111/j.1365-2966.2012.21639.x}}

@article{Kupper:2015,
	Adsnote = {Provided by the SAO/NASA Astrophysics Data System},
	Adsurl = {http://adsabs.harvard.edu/abs/2015ApJ...803...80K},
	Archiveprefix = {arXiv},
	Author = {{K{\"u}pper}, A.~H.~W. and {Balbinot}, E. and {Bonaca}, A. and {Johnston}, K.~V. and {Hogg}, D.~W. and {Kroupa}, P. and {Santiago}, B.~X.},
	Date-Added = {2016-11-01 19:25:28 +0000},
	Date-Modified = {2016-11-02 18:07:43 +0000},
	Doi = {10.1088/0004-637X/803/2/80},
	Eid = {80},
	Eprint = {1502.02658},
	Journal = {\apj},
	Keywords = {dark matter, Galaxy: fundamental parameters, Galaxy: halo, Galaxy: kinematics and dynamics, Galaxy: structure, globular clusters: individual: Palomar 5},
	Month = apr,
	Pages = {80},
	Title = {{Globular Cluster Streams as Galactic High-Precision Scales{\mdash}the Poster Child Palomar 5}},
	Volume = 803,
	Year = 2015,
	Bdsk-Url-1 = {http://dx.doi.org/10.1088/0004-637X/803/2/80}}

@article{Martell:2016,
	Adsnote = {Provided by the SAO/NASA Astrophysics Data System},
	Adsurl = {http://adsabs.harvard.edu/abs/2016ApJ...825..146M},
	Archiveprefix = {arXiv},
	Author = {{Martell}, S.~L. and {Shetrone}, M.~D. and {Lucatello}, S. and {Schiavon}, R.~P. and {M{\'e}sz{\'a}ros}, S. and {Allende Prieto}, C. and {Garc{\'{\i}}a Hern{\'a}ndez}, D.~A. and {Beers}, T.~C. and {Nidever}, D.~L.},
	Date-Added = {2016-09-06 13:57:04 +0000},
	Date-Modified = {2016-11-02 18:07:43 +0000},
	Doi = {10.3847/0004-637X/825/2/146},
	Eid = {146},
	Eprint = {1605.05792},
	Journal = {\apj},
	Keywords = {Galaxy: formation, Galaxy: halo, Galaxy: stellar content, stars: abundances},
	Month = jul,
	Pages = {146},
	Title = {{Chemical Tagging in the SDSS-III/APOGEE Survey: New Identifications of Halo Stars with Globular Cluster Origins}},
	Volume = 825,
	Year = 2016,
	Bdsk-Url-1 = {http://dx.doi.org/10.3847/0004-637X/825/2/146}}
